<record><leader>00000cas a2200000 a 4500</leader><controlfield tag="001">32441131</controlfield><controlfield tag="007">hd bfu---baat</controlfield><controlfield tag="007">hd afu---bact</controlfield><controlfield tag="008">950509d18861949nbuwr nea     0    0eng c</controlfield><datafield ind1=" " ind2=" " tag="010"><subfield code="a">sn 95069638 </subfield></datafield><datafield ind1=" " ind2=" " tag="040"><subfield code="a">NVG</subfield><subfield code="b">eng</subfield><subfield code="c">NVG</subfield><subfield code="d">OCLCQ</subfield><subfield code="d">OCLCF</subfield><subfield code="d">OCLCO</subfield></datafield><datafield ind1="1" ind2=" " tag="029"><subfield code="a">AU@</subfield><subfield code="b">000011677512</subfield></datafield><datafield ind1=" " ind2=" " tag="042"><subfield code="a">pcc</subfield></datafield><datafield ind1=" " ind2=" " tag="043"><subfield code="a">n-us-nb</subfield></datafield><datafield ind1="0" ind2="0" tag="245"><subfield code="a">[Wahoo] wasp</subfield><subfield code="h">[microform].</subfield></datafield><datafield ind1="1" ind2="3" tag="246"><subfield code="a">Wasp</subfield><subfield code="f">&lt;Nov. 11, 1886&gt;</subfield></datafield><datafield ind1=" " ind2=" " tag="260"><subfield code="a">[Wahoo, Neb.] :</subfield><subfield code="b">John A. MacMurphy,</subfield><subfield code="c">1886-1949.</subfield></datafield><datafield ind1=" " ind2=" " tag="300"><subfield code="a">v.</subfield></datafield><datafield ind1=" " ind2=" " tag="310"><subfield code="a">Weekly</subfield></datafield><datafield ind1="0" ind2=" " tag="362"><subfield code="a">Vol. 12, no. 9 (Nov. 11, 1886)-v. 74, no. 31 (Mar. 29, 1949).</subfield></datafield><datafield ind1=" " ind2=" " tag="500"><subfield code="a">Issue for Nov. 11, 1886 has mutilated masthead which lacks "Wahoo."</subfield></datafield><datafield ind1=" " ind2=" " tag="580"><subfield code="a">Merged with: Wahoo Democrat, to form: Wahoo newspapers.</subfield></datafield><datafield ind1=" " ind2=" " tag="533"><subfield code="a">Microfilm.</subfield><subfield code="m">1886,1892,1895-1949:[Gaps]</subfield><subfield code="b">Lincoln, Neb. :</subfield><subfield code="c">Nebraska State Historical Society,</subfield><subfield code="d">[1965].</subfield><subfield code="e">32 microfilm reels ; 35 mm.</subfield></datafield><datafield ind1=" " ind2="0" tag="651"><subfield code="a">Wahoo (Neb.)</subfield><subfield code="v">Newspapers.</subfield></datafield><datafield ind1=" " ind2="0" tag="651"><subfield code="a">Saunders County (Neb.)</subfield><subfield code="v">Newspapers.</subfield></datafield><datafield ind1=" " ind2="7" tag="655"><subfield code="a">Newspapers.</subfield><subfield code="2">fast</subfield><subfield code="0">(OCoLC)fst01423814</subfield></datafield><datafield ind1=" " ind2="7" tag="651"><subfield code="a">Nebraska</subfield><subfield code="z">Saunders County.</subfield><subfield code="2">fast</subfield><subfield code="0">(OCoLC)fst01211820</subfield></datafield><datafield ind1=" " ind2="7" tag="651"><subfield code="a">Nebraska</subfield><subfield code="z">Wahoo.</subfield><subfield code="2">fast</subfield><subfield code="0">(OCoLC)fst01230502</subfield></datafield><datafield ind1=" " ind2=" " tag="752"><subfield code="a">United States</subfield><subfield code="b">Nebraska</subfield><subfield code="c">Saunders</subfield><subfield code="d">Wahoo.</subfield></datafield><datafield ind1="0" ind2="0" tag="780"><subfield code="t">Independent (Wahoo, Neb.)</subfield><subfield code="w">(DLC)sn 95069637</subfield></datafield><datafield ind1="0" ind2="6" tag="780"><subfield code="t">Saunders County new era</subfield><subfield code="w">(DLC)sn 95069635</subfield></datafield><datafield ind1="1" ind2="7" tag="785"><subfield code="t">Wahoo Democrat</subfield><subfield code="w">(DLC)sn 95069639</subfield></datafield><datafield ind1="1" ind2="7" tag="785"><subfield code="t">Wahoo newspapers</subfield><subfield code="w">(DLC)sn 95069640</subfield></datafield></record>